<record><leader>00000cas a22000007a 4500</leader><controlfield tag="001">9810716</controlfield><controlfield tag="008">830815d18701918ksuwr ne      0    0eng d</controlfield><controlfield tag="009">3789</controlfield><datafield ind1=" " ind2=" " tag="010"><subfield code="a">sn 83040471 </subfield></datafield><datafield ind1=" " ind2=" " tag="040"><subfield code="a">KSH</subfield><subfield code="b">eng</subfield><subfield code="c">KSH</subfield><subfield code="d">NPT</subfield><subfield code="d">NPU</subfield><subfield code="d">NPX</subfield><subfield code="d">NPT</subfield></datafield><datafield ind1="1" ind2=" " tag="029"><subfield code="a">AU@</subfield><subfield code="b">000025797505</subfield></datafield><datafield ind1=" " ind2=" " tag="042"><subfield code="a">msc</subfield></datafield><datafield ind1="0" ind2=" " tag="130"><subfield code="a">Walnut Valley times (El Dorado, Kan. : 1870)</subfield></datafield><datafield ind1="0" ind2="0" tag="245"><subfield code="a">Walnut Valley times.</subfield></datafield><datafield ind1=" " ind2=" " tag="260"><subfield code="a">El Dorado, Kan. :</subfield><subfield code="b">Murdock &amp; Danford,</subfield><subfield code="c">1870-</subfield></datafield><datafield ind1=" " ind2=" " tag="300"><subfield code="a">v. ;</subfield><subfield code="c">61-65 cm.</subfield></datafield><datafield ind1=" " ind2=" " tag="310"><subfield code="a">Weekly</subfield></datafield><datafield ind1="0" ind2=" " tag="362"><subfield code="a">Vol. 1, no. 1 (Mar. 4, 1870)-</subfield></datafield><datafield ind1="1" ind2=" " tag="362"><subfield code="a">Ceased with Apr. 19, 1918 issue?</subfield></datafield><datafield ind1=" " ind2=" " tag="500"><subfield code="a">"Republican."</subfield></datafield><datafield ind1=" " ind2=" " tag="530"><subfield code="a">Available on microfilm from Micro Photo Div., Bell &amp; Howell Co.</subfield></datafield><datafield ind1=" " ind2=" " tag="580"><subfield code="a">Issued also in daily editions called: Daily Walnut Valley times and Walnut Valley times (El Dorado, Kan. : 1902).</subfield></datafield><datafield ind1=" " ind2=" " tag="500"><subfield code="a">Editors: T.B. Murdock; J.S. Danford, &lt;1870&gt;; T.B. Murdock, &lt;1876&gt;.</subfield></datafield><datafield ind1="1" ind2=" " tag="700"><subfield code="a">Murdock, T. B.</subfield><subfield code="q">(Thomas Benton)</subfield></datafield><datafield ind1="1" ind2=" " tag="700"><subfield code="a">Danford, J. S.</subfield></datafield><datafield ind1=" " ind2=" " tag="752"><subfield code="a">United States</subfield><subfield code="b">Kansas</subfield><subfield code="c">Butler</subfield><subfield code="d">El Dorado.</subfield></datafield><datafield ind1="1" ind2=" " tag="775"><subfield code="t">Daily Walnut Valley times</subfield><subfield code="w">(DLC)sn 83040474</subfield></datafield><datafield ind1="1" ind2=" " tag="775"><subfield code="t">Walnut Valley times (El Dorado, Kan. : 1902)</subfield><subfield code="w">(DLC)sn 86064019</subfield></datafield></record>